@INPROCEEDINGS{Reid05learningby,
    author = {Karen L. Reid and Gregory V. Wilson},
    title = {Learning by doing: Introducing version control as a way to manage student assignments},
    booktitle = {SIGCSE’05},
    year = {2005},
    pages = {272--276},
    publisher = {ACM Press}
}

@inproceedings{magnin-qpes-2011,
	author   =	"M. Magnin and G. Moreau",
	title	  =	"La professionnalisation des \'{e}tudiants en informatique par les projets libres",
	booktitle =	"6\`{e}me Colloque Questions de p\'{e}dagogies dans l’enseignement sup\'{e}rieur (QPES)",
	address   =	"Angers, France",
	month   =   "June",
	year	  =	2011}

@inproceedings{magnin-tice-2010,
	author   =	"M. Magnin and G. Moreau",
	title	  =	"Retour sur l'usage de Tablet PC \`{a} l'Ecole Centrale de Nantes : autonomie et initiatives",
	booktitle =	"7\`{e}me Colloque International Technologies de l'Information et de la Communication pour l'Enseignement (TICE)",
	address   =	"Nancy-Metz, France",
	month   =   "December",
	year	  =	2010}
	
@misc{markus,
  author = "{MarkUs team}",
  title = "MarkUs",
  year= "2011", 
  note = "Available at http://www.markusproject.org/"
}

@misc{reviewboard,
  author = "{Review Board}",
  title = "Review Board",
  year= "2011", 
  note = "Available at http://www.reviewboard.org/"
}

@misc{claroline,
  author = "{Claroline Consortium}",
  title = "Claroline Open Source eLearning and eWorking platform",
  year= "2004", 
  note = "Available at http://www.claroline.net/"
}

@misc{moodle,
  author = "Martin Dougiamas",
  title = "Moodle Course Management System",
  year= "2007", 
  note = "Available at http://www.moodle.org/"
}

